[gd_scene load_steps=5 format=2]

[ext_resource path="res://scenes_and_scripts/Playfield.gd" type="Script" id=1]
[ext_resource path="res://art/What You Click On.svg" type="Texture" id=2]
[ext_resource path="res://scenes_and_scripts/TimePanel.gd" type="Script" id=3]
[ext_resource path="res://scenes_and_scripts/BonusPanel.gd" type="Script" id=4]

[node name="Playfield" type="Node2D"]
script = ExtResource( 1 )

[node name="ScorePanel" type="Panel" parent="."]
margin_right = 283.0
margin_bottom = 40.0
__meta__ = {
"_edit_use_anchors_": false
}

[node name="ScoreLabel" type="Label" parent="ScorePanel"]
anchor_top = 0.5
anchor_right = 1.0
anchor_bottom = 0.5
margin_left = 5.0
margin_top = -7.0
margin_right = -101.0
margin_bottom = 7.0
text = "Score: 0"
__meta__ = {
"_edit_use_anchors_": false
}

[node name="BonusLabel" type="Label" parent="ScorePanel"]
anchor_top = 0.5
anchor_right = 1.0
anchor_bottom = 0.5
margin_left = 194.0
margin_top = -7.0
margin_bottom = 7.0
text = "Bonus:"
__meta__ = {
"_edit_use_anchors_": false
}

[node name="BonusSprite" type="Sprite" parent="ScorePanel"]
position = Vector2( 261.211, 20 )
scale = Vector2( 0.5, 0.5 )
texture = ExtResource( 2 )

[node name="BonusPanel" type="Panel" parent="."]
anchor_left = 1.0
anchor_right = 1.0
margin_left = 757.0
margin_right = 1024.0
margin_bottom = 40.0
script = ExtResource( 4 )
__meta__ = {
"_edit_use_anchors_": false
}

[node name="Label" type="Label" parent="BonusPanel"]
anchor_top = 0.5
anchor_right = 1.0
anchor_bottom = 0.5
margin_left = 13.0
margin_top = -7.0
margin_right = -13.0
margin_bottom = 7.0
text = "Next next bonus color in"
__meta__ = {
"_edit_use_anchors_": false
}

[node name="Timer" type="Timer" parent="BonusPanel"]
wait_time = 5.0
autostart = true

[node name="TimePanel" type="Panel" parent="."]
anchor_top = 1.0
anchor_bottom = 1.0
margin_top = 560.0
margin_right = 313.0
margin_bottom = 600.0
script = ExtResource( 3 )
__meta__ = {
"_edit_use_anchors_": false
}

[node name="Label" type="Label" parent="TimePanel"]
anchor_top = 0.5
anchor_right = 1.0
anchor_bottom = 0.5
margin_left = 8.0
margin_top = -7.0
margin_right = -11.0
margin_bottom = 7.0
text = "Time Left: "
__meta__ = {
"_edit_use_anchors_": false
}

[node name="Timer" type="Timer" parent="TimePanel"]
wait_time = 60.0
autostart = true
[connection signal="timeout" from="BonusPanel/Timer" to="." method="change_bonus_color"]
[connection signal="timeout" from="TimePanel/Timer" to="." method="game_over"]
